<?xml version="1.0" encoding="UTF-8"?><collection xmlns="http://www.loc.gov/MARC21/slim"><record><leader>00434nam--2200169-i-4500</leader><controlfield tag="001">000006993</controlfield><controlfield tag="002">20161230</controlfield><controlfield tag="005">20161230201027</controlfield><controlfield tag="008">060222s1000------------r-----000-0-eng-d</controlfield><datafield ind1=" " ind2=" " tag="040"><subfield code="a">IFIN-HH</subfield></datafield><datafield ind1=" " ind2=" " tag="080"><subfield code="a">533.6.011</subfield></datafield><datafield ind1="1" ind2=" " tag="100"><subfield code="a">Clarke, J.F</subfield></datafield><datafield ind1="1" ind2="0" tag="245"><subfield code="a">The dynamics of real gases</subfield><subfield code="c">J.F. Clarke, M. McChesney</subfield></datafield><datafield ind1=" " ind2=" " tag="260"><subfield code="a">London, Butterworths, 1964</subfield></datafield><datafield ind1=" " ind2=" " tag="300"><subfield code="a">IX + 419 P</subfield></datafield><datafield ind1="1" ind2=" " tag="700"><subfield code="a">Mcchesney, M</subfield></datafield><datafield ind1=" " ind2=" " tag="CAT"><subfield code="a">Sys</subfield><subfield code="c">20100906</subfield><subfield code="h">144706</subfield></datafield></record></collection>